@misc{subdir,
  title={fatal error: classmap.h: No such file or directory},
  author={theway (lexueye)},
  date={2021-04-01},
  url={https://bugs.launchpad.net/ubuntu/+source/linux-kernel-headers/+bug/1895470}
}

@misc{classmap,
  title={Build Linux kernel module error classmap.h: No such file or directory},
  author={Yihua Liu},
  date={2021-11-14},
  url={https://blog.csdn.net/yihuajack/article/details/121312717}
}

@inbook{compilingkm,
  title={Compiling Kernel Modules},
  booktitle={The Linux Kernel Module Programming Guide},
  author={Peter Jay Salzman},
  year={2001},
  url={https://tldp.org/LDP/lkmpg/2.4/html/x208.htm}
}

@book{love2010linux,
  title={Linux Kernel Development: Linux Kernel Development \_p3},
  author={Love, Robert},
  year={2010},
  publisher={Pearson Education}
}

@inbook{jiffies,
  title={Measuring Time Lapses},
  booktitle={Linux Device Drivers, 3rd Edition},
  author={Jonathan Corbet and Greg Kroah-Hartman and Alessandro Rubini},
  publisher={O'Reilly},
  chapter={7.1},
  isbn={0-596-00590-3},
  pages={636},
  year={2005},
  month={2},
  url={http://www.makelinux.net/ldd3/chp-7-sect-1.shtml}
}
