@inproceedings{mckenney2008real,
  title={‘Real Time’vs.‘Real Fast’: How to Choose?},
  author={McKenney, Paul E},
  booktitle={Ottawa Linux Symposium (July 2008), pp. v2},
  pages={57--65},
  year={2008}
}
